<?xml version="1.0" encoding="UTF-8"?><collection xmlns="http://www.loc.gov/MARC21/slim"><record><leader>00636nam--2200181-i-4500</leader><controlfield tag="001">000036600</controlfield><controlfield tag="002">20161230</controlfield><controlfield tag="005">20161230201041</controlfield><controlfield tag="008">060222s1000------------r-----000-0-fre-d</controlfield><datafield ind1=" " ind2=" " tag="040"><subfield code="a">IFIN-HH</subfield></datafield><datafield ind1=" " ind2=" " tag="041"><subfield code="a">fre</subfield></datafield><datafield ind1=" " ind2=" " tag="080"><subfield code="a">532:531.19:536.7(043)</subfield></datafield><datafield ind1="1" ind2=" " tag="100"><subfield code="a">Ponce-ramirez, Luie</subfield></datafield><datafield ind1="1" ind2="0" tag="245"><subfield code="a">Une approximation analytique de la theorie de perturbation de barker et henderson pour des fluides simples caracterises par un potentiel d'interaction du type puits carre et leurs melanges</subfield><subfield code="b">These</subfield><subfield code="c">Luis ponce-ramirez</subfield></datafield><datafield ind1=" " ind2=" " tag="260"><subfield code="a">Paris</subfield><subfield code="b">Universite De Paris Xi</subfield><subfield code="c">1977</subfield></datafield><datafield ind1=" " ind2=" " tag="300"><subfield code="a">96P</subfield></datafield><datafield ind1=" " ind2=" " tag="852"><subfield code="a">46428</subfield><subfield code="c">532</subfield></datafield><datafield ind1=" " ind2=" " tag="CAT"><subfield code="a">Sys</subfield><subfield code="c">20110113</subfield><subfield code="h">143827</subfield></datafield></record></collection>